<record><leader>00000cas a2200000 a 4500</leader><controlfield tag="001">11282240</controlfield><controlfield tag="008">841018d18631866iludn ne      0   a0eng c</controlfield><datafield ind1=" " ind2=" " tag="010"><subfield code="a">sn 84038363 </subfield></datafield><datafield ind1=" " ind2=" " tag="040"><subfield code="a">NPX</subfield><subfield code="b">eng</subfield><subfield code="c">NPX</subfield><subfield code="d">NPV</subfield><subfield code="d">NVF</subfield><subfield code="d">OCL</subfield><subfield code="d">NVF</subfield><subfield code="d">OCLCQ</subfield><subfield code="d">NVF</subfield><subfield code="d">OCLCF</subfield><subfield code="d">OCLCO</subfield></datafield><datafield ind1="1" ind2=" " tag="029"><subfield code="a">AU@</subfield><subfield code="b">000040398606</subfield></datafield><datafield ind1=" " ind2=" " tag="042"><subfield code="a">pcc</subfield></datafield><datafield ind1=" " ind2=" " tag="043"><subfield code="a">n-us-il</subfield></datafield><datafield ind1="0" ind2=" " tag="130"><subfield code="a">Cairo daily Democrat (Cairo, Ill. : 1863)</subfield></datafield><datafield ind1="1" ind2="0" tag="245"><subfield code="a">Cairo daily Democrat.</subfield></datafield><datafield ind1="1" ind2="3" tag="246"><subfield code="a">Cairo Democrat</subfield></datafield><datafield ind1=" " ind2=" " tag="260"><subfield code="a">Cairo, Ill. :</subfield><subfield code="b">Cairo Democrat Print. Co.,</subfield><subfield code="c">1863-1866.</subfield></datafield><datafield ind1=" " ind2=" " tag="300"><subfield code="a">v.</subfield></datafield><datafield ind1=" " ind2=" " tag="310"><subfield code="a">Daily (except Monday)</subfield></datafield><datafield ind1="1" ind2=" " tag="362"><subfield code="a">Began in 1863; ceased in 1866.</subfield></datafield><datafield ind1=" " ind2=" " tag="580"><subfield code="a">Weekly eds.: Cairo weekly Democrat, &lt;1864&gt;, and: Cairo Monday Democrat, 1865, and: Monday Democrat, 1865-1866.</subfield></datafield><datafield ind1=" " ind2=" " tag="588"><subfield code="a">Description based on: Vol. 1, no. 250 (July 1, 1864).</subfield></datafield><datafield ind1=" " ind2=" " tag="588"><subfield code="a">Latest issue consulted: Aug. 31, 1866.</subfield></datafield><datafield ind1=" " ind2="0" tag="651"><subfield code="a">Cairo (Ill.)</subfield><subfield code="v">Newspapers.</subfield></datafield><datafield ind1=" " ind2="7" tag="655"><subfield code="a">Newspapers.</subfield><subfield code="2">fast</subfield><subfield code="0">(OCoLC)fst01423814</subfield></datafield><datafield ind1=" " ind2="7" tag="651"><subfield code="a">Illinois</subfield><subfield code="z">Cairo.</subfield><subfield code="2">fast</subfield><subfield code="0">(OCoLC)fst01217110</subfield></datafield><datafield ind1=" " ind2=" " tag="752"><subfield code="a">United States</subfield><subfield code="b">Illinois</subfield><subfield code="c">Alexander</subfield><subfield code="d">Cairo.</subfield></datafield><datafield ind1="1" ind2=" " tag="775"><subfield code="t">Cairo weekly Democrat</subfield><subfield code="w">(DLC)sn 93055784</subfield><subfield code="w">(OCoLC)28038940</subfield></datafield><datafield ind1="1" ind2=" " tag="775"><subfield code="t">Cairo Monday Democrat</subfield><subfield code="w">(DLC)sn 93055785</subfield><subfield code="w">(OCoLC)28039037</subfield></datafield><datafield ind1="1" ind2=" " tag="775"><subfield code="t">Monday Democrat</subfield><subfield code="w">(DLC)sn 93055786</subfield><subfield code="w">(OCoLC)28039112</subfield></datafield><datafield ind1="0" ind2=" " tag="775"><subfield code="t">Cairo Volksblatt</subfield></datafield><datafield ind1="0" ind2="0" tag="785"><subfield code="t">Cairo Democrat (Cairo, Ill. : Daily)</subfield><subfield code="w">(DLC)sn 87082615</subfield><subfield code="w">(OCoLC)15725539</subfield></datafield></record>